@ARTICLE{group_formation,
	AUTHOR = "L. Backstrom and D Huttenlocher and J. Kleinberg and  X. Lan",
	TITLE = "Group formation in large social networks: membership, growth, and evolution'",
	JOURNAL = "Proc. of the $12^{\rm th}$ ACM SIGKDD international conference on Knowledge discovery and data mining",
	YEAR = {2006}	}
	
@ARTICLE{kumar_tomkins,
	AUTHOR = "R. Kumar and J. Novak and A. Tomkins",
	TITLE = "Structure and evolution of online social networks.",
	JOURNAL = "Proc. of the $12^{\rm th}$ ACM SIGKDD international conference on Knowledge discovery and data mining",
	YEAR = {2006}	}
	
@BOOK{book_anova,
	AUTHOR = "M.H. Kutner and C.J. Nachtsheim and J. Neter and W. Li",
	TITLE = "Applied Linear Statistical Models",
	PUBLISHER= "(5th ed.), McGraw-Hill/Irwin.",
	YEAR = {2004}	}

@BOOK{social_ref,
	AUTHOR = "J. Coleman",
	TITLE = "Foundations of Social Theory",
	PUBLISHER= "Harvard",
	YEAR = {1990}	}

@ARTICLE{LKF,
	AUTHOR = "J. Leskovec and J. Kleinberg and C. Faloutsos",
	TITLE = "Graph evolution: Densification and shrinking diameters.",
	JOURNAL = "ACM TKDD, 1(1):2",
	YEAR = {2007}	}
	
@ARTICLE{micro_evol,
	AUTHOR = "J. Leskovec and L. Backstrom and R. Kumar and A. Tomkins.",
	TITLE = "Microscopic Evolution of Social Networks.",
	JOURNAL = "Proc. of the $14^{\rm th}$ ACM SIGKDD international conference on Knowledge discovery and data mining",
	YEAR = {2008}	}
	
@ARTICLE{newman,
	AUTHOR = "M.E.J. Newman",
	TITLE = "Detecting community structure in networks.",
	JOURNAL = "The European Physical Journal B",
	PAGES = {321--330},
	VOLUME = {38}
	YEAR = {2004}	}
	
@ARTICLE{danon,
	AUTHOR = "L. Danon and J. Duch and  A. Diaz-Guilera and  A. Arenas",
	TITLE = "Comparing community structure identification.",
	JOURNAL = "Journal of Statistical Mechanics: Theory and Experiment",
	VOLUME = {29(09)}
	YEAR = {2005}	}

@ARTICLE{www10,
	AUTHOR = "J. Leskovec and K. Lang and  M. Mahoney",
	TITLE = "Empirical Comparison of Algorithms for Network Community Detection.",
	JOURNAL = "Proc. of the ACM WWW International conference on World Wide Web",
	YEAR = {2010}	}
	
@ARTICLE{define_comm,
	AUTHOR = "F. Radicchi and  C. Castellano and  F. Cecconi and  V. Loreto and D. Parisi",
	TITLE = "Defining and identifying communities in networks.",
	JOURNAL = "Proc. of the National Academy of Sciences of the United States of America",
	PAGES = {2658--2663},
	VOLUME = {101(9)}
	YEAR = {2004}	}
	
@BOOK{clustering,
	AUTHOR = "D.J. Watts",
	TITLE = "Small Worlds: The Dynamics of Networks Between Order and Randomness",
	PUBLISHER= "Princeton Univ. Press, Princeton, NJ",
	YEAR = {1999}	}

@ARTICLE{stoch_evol,
	AUTHOR = "T. Fenner and M. Levene and G. Loizou and G. Roussos",
	TITLE = "A stochastic evolutionary growth model for social networks.",
	JOURNAL = "Computer Networks",
	PAGES = {4586--4595},
	VOLUME = {51(16)}
	YEAR = {2007}	}
	
@ARTICLE{comm_lin,
	AUTHOR = "Y.R. Lin and Y. Chi and S. Zhu and H. Sundaram and B. L. Tseng",
	TITLE = "Analyzing communities and their evolutions in dynamic social networks.",
	JOURNAL = "ACM Transactions on Knowledge Discovery from Data",
	PAGES = {1-- 31},
	VOLUME = {3(2)}
	YEAR = {2009}	}

@BOOK{com_detect,
	AUTHOR = "S. Fortunato",
	TITLE = "Community detection in graphs",
	PUBLISHER= "http://arxiv.org/abs/0906.0612",
	YEAR = {2010}	}
	
@ARTICLE{pref_behav,
	AUTHOR = "L. Backstrom and R. Kumar and C. Marlow and J. Novak and A. Tomkins",
	TITLE = "Preferential behavior in online groups.",
	JOURNAL = " Proc. of the Intl. Conf. Web search and web data mining (WSDM Õ08)",
	PAGES = {117-- 128},
	YEAR = {2008}	}

@ARTICLE{leaders,
	AUTHOR = "A. Goyal and F. Bonchi and L.V. Lakshmanan",
	TITLE = "Discovering leaders from community actions.",
	JOURNAL = " Proc. of CIKMÕ08",
	PAGES = {499-- 508},
	YEAR = {2008}	}
	
@ARTICLE{user_grouping,
	AUTHOR = "X. Shi and J. Zhu and R. Cai and L. Zhang",
	TITLE = "User grouping behavior in online forums.",
	JOURNAL = "Proc. of the $15^{\rm th}$ ACM SIGKDD international conference on Knowledge discovery and data mining",
	PAGES = {777-- 786},
	YEAR = {2009}	}
	
@ARTICLE{groupthink,
	AUTHOR = "P. Hui and S. Buchegger",
	TITLE = "Groupthink and peer pressure: social influence in online social network groups.",
	JOURNAL = "Proc. of the international conference on advances in social networks analysis and mining (ASONAM)",
	YEAR = {2009}	}	
 
@ARTICLE{dyn_conversations,
	AUTHOR = "R. Kumar and M. Mahdian and M. McGlohon",
	TITLE = "Dynamics of Conversations.",
	JOURNAL = "Proc. of the $16^{\rm th}$ ACM SIGKDD international conference on Knowledge discovery and data mining",
	YEAR = {2010}	}
